
@phdthesis{heneinConceptionStructuresArticulees2005,
	address = {Lausanne},
	title = {Conception des structures articulées à guidages flexibles de haute précision},
	url = {http://infoscience.epfl.ch/record/32670},
	language = {fr},
	urldate = {2021-04-06},
	school = {EPFL},
	author = {Henein, Simon},
	year = {2005},
	note = {Publisher: Lausanne, EPFL},
	file = {EPFL_TH2194.pdf:/Users/seanthomas/Zotero/storage/X75MTMEV/EPFL_TH2194.pdf:application/pdf},
}
